@PhDthesis{Serrano2011,
title = {{Formalizaci\'on en Isar de la Meta-L\'ogica de Primer Orden}},
author = {Serrano Su{\'a}rez, Fabi{\'a}n Fernando},
year = {2012},
school = {Departamento de Ciencias de la Computaci√≥n e Inteligencia Artificial, Universidad de Sevilla, Spain},
note = {\url{https://idus.us.es/handle/11441/57780}. In Spanish},
}

@Book{Fitting,
  author =	 {Melvin Fitting},
  title = 	 {{F}irst-{O}rder {L}ogic and {A}utomated {T}heorem {P}roving},
  publisher = 	 {Springer-Verlag},
  year = 	 1996,
  edition =	 {Second},
  doi = {10.1007/978-1-4612-2360-3},
}

@Book{Smullyan,
  author =    {Raymond M. Smullyan},
  title =     {First-Order Logic},
  publisher = {Springer-Verlag},
  address   = {Berlin},
  doi    = {https://doi.org/10.1007/978-3-642-86718-7},
  series  = {Ergebnisse der Mathematik und ihrer Grenzgebiete. 2. Folge},
  volume = {43},
  year   = {1968}, 
  note = {Also available as a Dover Publications Inc., 1994}
}


@inproceedings{SARdL2022,
  author       = {Fabi{\'{a}}n Fernando Serrano Su{\'{a}}rez and
                  Mauricio Ayala{-}Rinc{\'{o}}n and
                  Thaynara Arielly de Lima},
  title        = {{Hall's Theorem for Enumerable Families of Finite Sets}},
  booktitle    = {Proceedings 15th International Conference on Intelligent Computer Mathematics,
                  {CICM}},
  series       = {Lecture Notes in Computer Science},
  volume       = {13467},
  pages        = {107--121},
  publisher    = {Springer},
  year         = {2022},
  url          = {https://doi.org/10.1007/978-3-031-16681-5\_7},
  doi          = {10.1007/978-3-031-16681-5\_7},
}
@inproceedings{SARdL2024,
  author       = {Fabi{\'{a}}n Fernando Serrano Su{\'{a}}rez and
                  Mauricio Ayala{-}Rinc{\'{o}}n and
                  Thaynara Arielly de Lima},
  title        = {{Formalisation of Hall's Theorem for Countable Infinite Graphs}},
  booktitle    = {Proceedings 18th Colombian Conference on Computing, {CCC}},
  _series       = {Lecture Notes in Computer Science},
  _volume       = {13467},
  _pages        = {107--121},
  publisher    = {Springer},
  year         = {2024},
  _url          = {https://doi.org/10.1007/978-3-031-16681-5\_7},
  _doi          = {10.1007/978-3-031-16681-5\_7},
}
