@misc{mathoverflow-circ-trace1,
  author={Andr√© Henriques and Ali Taghavi},
  title={tr(ab) = tr(ba)?},
  howpublished={Mathoverflow question, \url{https://mathoverflow.net/questions/76386/trab-trba}},
  year={2011--2014},
}

@misc{mathoverflow-circ-trace2,
  author={Faisal and Yemon Choi},
  title={tr(ab) = tr(ba)?},
  howpublished={Mathoverflow answer, \url{https://mathoverflow.net/a/76389/101775}},
  year={2011--2014},
}

@book{conway2013course,
title={A course in functional analysis},
author={Conway, John B},
volume={96},
year={2013},
publisher={Springer Science \& Business Media}
}




@book{conway00operator,
 address = {Providence, RI},
 author = {Conway, John B.},
 isbn = {0821820656},
 keywords = {Operatortheorie, Operator theory},
 language = {eng},
 number = {21},
 publisher = {American Mathematical Society},
 series = {Graduate studies in mathematics},
 title = {A course in operator theory},
 year = {2000}
}


@Article{wecken35linearer,
  author = 	 {Wecken, F.J.},
  title = 	 {Zur Theorie linearer Operatoren},
  journal = 	 {Math. Ann.},
  year = 	 1935,
  volume = 	 110,
  pages = 	 {722-725},
  doi = {10.1007/BF01448052},
}

@book{takesaki,
  title     = "Theory of operator algebras {I}",
  author    = "Takesaki, Masamichi",
  publisher = "Springer",
  month     =  nov,
  year      =  2011,
  address   = "New York, NY",
  language  = "en"
}

@misc{references-v3,
      title={Quantum references}, 
      author={Dominique Unruh},
      year={2024},
      howpublished={\href{https://arxiv.org/abs/2105.10914v3}{arXiv:2105.10914v3 [cs.LO]}},
}
