% Mike Stannett
% May 2024
% sc.bib
% Bibliography for Stone_Cech.thy and related theories.

@book{Walker,
  author = {Walker, Russell C.}, year = 1974,
  title = {The Stone-{\v C}ech Compactification},
  publisher = {Springer-Verlag},
  location = {Berlin Heidelberg New York},
  isbn = {978-3-540-06699-6},
  doi = {10.1007/978-3-642-61935-9}
}

@book{Willard,
  author = {Willard, Stephen}, year = 1970,
  title = {General Topology},
  publisher = {Addison-Wesley},
  location = {USA},
  isbn = {978-0201087079}
}