@article{Smooth_Manifolds-AFP,
	author  = {Fabian Immler and Bohua Zhan},
	title   = {Smooth Manifolds},
	journal = {Archive of Formal Proofs},
	month   = {October},
	year    = {2018},
	note    = {\url{https://isa-afp.org/entries/Smooth_Manifolds.html},
	Formal proof development},
	ISSN    = {2150-914x},
}

@book{lee2012,
  title = {Introduction to {{Smooth Manifolds}}},
  author = {Lee, John M.},
  year = {2012},
  series = {Graduate {{Texts}} in {{Mathematics}}},
  volume = {218},
  publisher = {Springer},
  address = {New York, NY},
  doi = {10.1007/978-1-4419-9982-5},
  urldate = {2022-11-28},
  isbn = {978-1-4419-9981-8 978-1-4419-9982-5},
  keywords = {de Rham cohomology,differential forms,first-order partial differential equations,foliations,Frobenius theorem,immersed and embedded submanifolds,Lie group,Sard's theorem,smooth manifolds,Smooth structures,Stokes's theorem,Tangent vectors and covectors,tensors,vector bundles,vector fields and flows,Whitney approximation theorem,Whitney embedding theorem}
}
