@article{millar,
   title={A New Operation on Sequences: The Boustrophedon Transform},
   volume={76},
   ISSN={0097-3165},
   url={http://dx.doi.org/10.1006/jcta.1996.0087},
   DOI={10.1006/jcta.1996.0087},
   number={1},
   journal={Journal of Combinatorial Theory, Series A},
   publisher={Elsevier BV},
   author={Millar, J. and Sloane, N.J.A. and Young, N.E.},
   year={1996},
   month=oct, pages={44--54} }

@inbook{brent,
   title={Fast Computation of {B}ernoulli, Tangent and Secant Numbers},
   ISBN={9781461476214},
   ISSN={2194-1017},
   url={http://dx.doi.org/10.1007/978-1-4614-7621-4_8},
   DOI={10.1007/978-1-4614-7621-4_8},
   booktitle={Computational and Analytical Mathematics},
   publisher={Springer New York},
   author={Brent, Richard P. and Harvey, David},
   year={2013},
   pages={127--142} }

@misc{oeis,
    Author = {{OEIS Foundation Inc.}},
    Note = {Published electronically at \url{http://oeis.org}},
    Title = {The {O}n-{L}ine {E}ncyclopedia of {I}nteger {S}equences},
    Year = 2024}


