@article{LLL_Basis_Reduction-AFP,
  author  = {Ralph Bottesch and Jose Divasón and Max W. Haslbeck and Sebastiaan J. C. Joosten and René Thiemann and Akihisa Yamada},
  title   = {A verified {LLL} algorithm},
  journal = {Archive of Formal Proofs},
  month   = {February},
  year    = {2018},
  note    = {\url{https://isa-afp.org/entries/LLL_Basis_Reduction.html},
             Formal proof development},
  ISSN    = {2150-914x},
}

@book{DBLP:books/cu/Galbraith2012,
  author       = {Steven D. Galbraith},
  title        = {Mathematics of Public Key Cryptography},
  publisher    = {Cambridge University Press},
  year         = {2012},
  url          = {https://www.math.auckland.ac.nz/\%7Esgal018/crypto-book/crypto-book.html},
  isbn         = {9781107013926},
  timestamp    = {Fri, 12 Feb 2016 09:22:35 +0100},
  biburl       = {https://dblp.org/rec/books/cu/Galbraith2012.bib},
  bibsource    = {dblp computer science bibliography, https://dblp.org}
}

@book{10.5555/1211288,
author = {Trappe, Wade and Washington, Lawrence C.},
title = {Introduction to Cryptography with Coding Theory (2nd Edition)},
year = {2005},
isbn = {0131862391},
publisher = {Prentice-Hall, Inc.},
address = {USA}
}

@misc{lectureNotes,
  author       = "Jacob Alperin-Sheriff and Chris Peikert",
  title        = "Lattices in Cryptography: Lecture 4, {C}oppersmith, Cryptanalysis",
  howpublished = "Georgia Tech lecture notes",
  month        = "Fall",
  year         = "2023",
  note         = "Online lecture notes available at \url{https://web.eecs.umich.edu/~cpeikert/lic13/lec04.pdf}",
  annote       = ""
}