@article{DBLP:journals/fmsd/BrombergerW17,
  author       = {Martin Bromberger and
                  Christoph Weidenbach},
  title        = {New techniques for linear arithmetic: cubes and equalities},
  journal      = {Formal Methods Syst. Des.},
  volume       = {51},
  number       = {3},
  pages        = {433--461},
  year         = {2017},
  url          = {https://doi.org/10.1007/s10703-017-0278-7},
  doi          = {10.1007/S10703-017-0278-7},
  timestamp    = {Fri, 13 Mar 2020 10:55:19 +0100},
  biburl       = {https://dblp.org/rec/journals/fmsd/BrombergerW17.bib},
  bibsource    = {dblp computer science bibliography, https://dblp.org}
}

@article{DBLP:journals/jsat/Griggio12,
  author       = {Alberto Griggio},
  title        = {A Practical Approach to Satisability Modulo Linear Integer Arithmetic},
  journal      = {J. Satisf. Boolean Model. Comput.},
  volume       = {8},
  number       = {1/2},
  pages        = {1--27},
  year         = {2012},
  url          = {https://doi.org/10.3233/sat190086},
  doi          = {10.3233/SAT190086},
  timestamp    = {Mon, 17 Aug 2020 18:32:39 +0200},
  biburl       = {https://dblp.org/rec/journals/jsat/Griggio12.bib},
  bibsource    = {dblp computer science bibliography, https://dblp.org}
}

@article{DBLP:journals/afp/MaricST18,
  author       = {Filip Maric and
                  Mirko Spasic and
                  Ren{\'{e}} Thiemann},
  title        = {An Incremental Simplex Algorithm with Unsatisfiable Core Generation},
  journal      = {Arch. Formal Proofs},
  volume       = {2018},
  year         = {2018},
  url          = {https://www.isa-afp.org/entries/Simplex.html},
  timestamp    = {Mon, 25 May 2020 09:13:16 +0200},
  biburl       = {https://dblp.org/rec/journals/afp/MaricST18.bib},
  bibsource    = {dblp computer science bibliography, https://dblp.org}
}

@inproceedings{DBLP:conf/sc/Pught91,
  author       = {William W. Pugh},
  editor       = {Joanne L. Martin},
  title        = {The Omega test: a fast and practical integer programming algorithm
                  for dependence analysis},
  booktitle    = {Proceedings Supercomputing '91, Albuquerque, NM, USA, November 18-22,
                  1991},
  pages        = {4--13},
  publisher    = {{ACM}},
  year         = {1991},
  url          = {https://doi.org/10.1145/125826.125848},
  doi          = {10.1145/125826.125848},
  timestamp    = {Mon, 04 Apr 2022 21:23:55 +0200},
  biburl       = {https://dblp.org/rec/conf/sc/Pught91.bib},
  bibsource    = {dblp computer science bibliography, https://dblp.org}
}
