@article{LLL_Factorization-AFP,
  author  = {Jose Divasón and Sebastiaan J. C. Joosten and René Thiemann and Akihisa Yamada},
  title   = {A {V}erified {F}actorization {A}lgorithm for {I}nteger {P}olynomials with {P}olynomial {C}omplexity},
  journal = {Archive of Formal Proofs},
  month   = {February},
  year    = {2018},
  note    = {\url{https://isa-afp.org/entries/LLL_Factorization.html},
             Formal proof development},
  ISSN    = {2150-914x},
}

@article{Modular_arithmetic_LLL_and_HNF_algorithms-AFP,
  author  = {Ralph Bottesch and Jose Divasón and René Thiemann},
  title   = {Two algorithms based on modular arithmetic: lattice basis reduction and {H}ermite normal form computation},
  journal = {Archive of Formal Proofs},
  month   = {March},
  year    = {2021},
  note    = {\url{https://isa-afp.org/entries/Modular_arithmetic_LLL_and_HNF_algorithms.html},
             Formal proof development},
  ISSN    = {2150-914x},
}

@misc{Stephens_Davidowitz,
	author = {Noah {S}tephens-{D}avidowitz},
	title = {Lecture 5: {CVP} and {B}abai’s {A}lgorithm},
	month = {{A}ugust},
	year = {2016},
	publisher = {{NYU}}
}

@article{CVP_Hardness-AFP,
  author  = {Katharina Kreuzer},
  title   = {{H}ardness of {L}attice {P}roblems},
  journal = {{A}rchive of {F}ormal {P}roofs},
  month   = {{F}ebruary},
  year    = {2023},
  note    = {\url{https://isa-afp.org/entries/CVP_Hardness.html},
             Formal proof development},
  ISSN    = {2150-914x},
}
