@InProceedings{lasser_et_al:LIPIcs:2019:11079,
  author =	{Sam Lasser and Chris Casinghino and Kathleen Fisher and Cody Roux},
  title =	{{A Verified LL(1) Parser Generator}},
  booktitle =	{10th International Conference on Interactive Theorem Proving (ITP 2019)},
  pages =	{24:1--24:18},
  series =	{Leibniz International Proceedings in Informatics (LIPIcs)},
  ISBN =	{978-3-95977-122-1},
  ISSN =	{1868-8969},
  year =	{2019},
  volume =	{141},
  editor =	{John Harrison and John O'Leary and Andrew Tolmach},
  publisher =	{Schloss Dagstuhl--Leibniz-Zentrum fuer Informatik},
  address =	{Dagstuhl, Germany},
  URL =		{http://drops.dagstuhl.de/opus/volltexte/2019/11079},
  URN =		{urn:nbn:de:0030-drops-110794},
  doi =		{10.4230/LIPIcs.ITP.2019.24},
  annote =	{Keywords: interactive theorem proving, top-down parsing}
}

@book{DBLP:books/cu/Appel1998ml,
  author       = {Andrew W. Appel},
  title        = {Modern Compiler Implementation in {ML}},
  publisher    = {Cambridge University Press},
  year         = {1998},
  isbn         = {0-521-58274-1},
  timestamp    = {Mon, 12 Jan 2004 14:04:59 +0100},
  biburl       = {https://dblp.org/rec/books/cu/Appel1998ml.bib},
  bibsource    = {dblp computer science bibliography, https://dblp.org}
}

@book{DBLP:books/daglib/0031526,
  author       = {Reinhard Wilhelm and
                  Helmut Seidl and
                  Sebastian Hack},
  title        = {Compiler Design - Syntactic and Semantic Analysis},
  publisher    = {Springer},
  year         = {2013},
  url          = {https://doi.org/10.1007/978-3-642-17540-4},
  doi          = {10.1007/978-3-642-17540-4},
  isbn         = {978-3-642-17539-8},
  timestamp    = {Wed, 14 Nov 2018 10:12:21 +0100},
  biburl       = {https://dblp.org/rec/books/daglib/0031526.bib},
  bibsource    = {dblp computer science bibliography, https://dblp.org}
}



