@article{Manber_SIAM_1993,
  author       = {U. Manber and
                  E. W. Myers},
  title        = {Suffix Arrays: A New Method for On-Line String Searches},
  journal      = {SIAM Journal on Computing},
  volume       = {22},
  number       = {5},
  pages        = {935--948},
  year         = {1993},
  hideurl      = {https://doi.org/10.1137/0222058},
  doi          = {10.1137/0222058},
}

@inproceedings{Nong_DCC_2009,
  author       = {G. Nong and
                  S. Zhang and
                  W. H. Chan},
  title        = {Linear Suffix Array Construction by Almost Pure Induced-Sorting},
  booktitle    = {Proc. Data Compression Conference},
  pages        = {193--202},
  publisher    = {{IEEE} Computing Society},
  year         = {2009},
  hideurl      = {https://doi.org/10.1109/DCC.2009.42},
  doi          = {10.1109/DCC.2009.42},
}

@article{Ko_JDA_2005,
  author       = {P. Ko and
                  S. Aluru},
  title        = {Space Efficient Linear Time Construction of Suffix Arrays},
  journal      = {Journal of Discrete Algorithms},
  volume       = {3},
  number       = {2-4},
  pages        = {143--156},
  year         = {2005},
  hideurl      = {https://doi.org/10.1016/j.jda.2004.08.002},
  doi          = {10.1016/j.jda.2004.08.002}
}
