
@inproceedings{Sulzmann2014,
  author    = {M.~Sulzmann and K.~Lu},
  title     = {{POSIX} {R}egular {E}xpression {P}arsing with {D}erivatives},
  booktitle = {Proc.~of the 12th International Conference on Functional and Logic Programming (FLOPS)},
  pages     = {203--220},
  year      = {2014},
  volume =    {8475},
  series =    {LNCS}
}

@InProceedings{OkuiSuzuki2010,
  author =       {S.~Okui and T.~Suzuki},
  title =        {{D}isambiguation in {R}egular {E}xpression {M}atching via
                  {P}osition {A}utomata with {A}ugmented {T}ransitions},
  booktitle = {Proc.~of the 15th International Conference on Implementation
                  and Application of Automata (CIAA)},
  year =      {2010},
  volume =    {6482},
  series =    {LNCS},
  pages =     {231--240}
}
