@book{littlewood,
	address = {Cambridge [Cambridgeshire] ; New York},
	edition = {Rev. ed},
	title = {Littlewood's {Miscellany}},
	isbn = {9780521330589 9780521337021},
	publisher = {Cambridge University Press},
	author = {Littlewood, John E. and Bollobás, Béla},
	year = {1986},
	keywords = {Mathematics},
}

@misc{theorems100,
	title = {Formalizing 100 {Theorems}},
	howpublished = {\url{https://www.cs.ru.nl/~freek/100/}, accessed 2024-11-22},
}

@misc{leanproof,
	title = {Archive.{Wiedijk100Theorems}.{CubingACube}},
	howpublished = {\url{https://leanprover-community.github.io/mathlib4_docs/Archive/Wiedijk100Theorems/CubingACube.html#Theorems100.%C2%AB82%C2%BB.cannot_cube_a_cube},
    accessed 2024-11-22},
   author = {Floris van Doorn}
}
