@article{murphy1991,
    title = {Lower bounds on the stability number of graphs computed in terms of degrees},
    journal = {Discrete Mathematics},
    volume = {90},
    number = {2},
    pages = {207-211},
    year = {1991},
    issn = {0012-365X},
    doi = {10.1016/0012-365X(91)90357-8},
    author = {Owen Murphy},
}

@article{vadhan2012,
	title = {Pseudorandomness},
	author = {Salil P. Vadhan},
	year = 2012,
	journal = {Foundations and Trends\textregistered in Theoretical Computer Science},
	volume = 7,
	number = {1-3},
	pages = {1--336},
	doi = {10.1561/0400000010},
	issn = {1551-305X},
	_url = {http://dx.doi.org/10.1561/0400000010}
}

@book{alon2000,
    author = {Noga Alon and Joel H. Spencer},
    publisher = {John Wiley \& Sons, Ltd},
    title = {The Probabilistic Method},
    year = {2000},
}

@Inbook{jukna2001,
  author = {Jukna, Stasys},
  chapter = {Derandomization},
  title = {Extremal Combinatorics: With Applications in Computer Science},
  year = {2001},
  publisher = {Springer},
  address= {Berlin, Heidelberg},
  pages={307--318},
  doi={10.1007/978-3-662-04650-0_28},
}

