@article {
  Noce24,
  author = {Pasquale Noce},
  title = {{Information Flow Control via Stateful Intransitive Noninterference in Language IMP}},
  journal = {{Archive of Formal Proofs}},
  month = feb,
  year = 2024,
  note = {\url{https://isa-afp.org/entries/IMP_Noninterference.html}, Formal proof development},
  ISSN = {2150-914x}
}

@book {
  Nipkow23,
  author = {Tobias Nipkow and Gerwin Klein},
  title = {{Concrete Semantics with Isabelle/HOL}},
  month = feb,
  year = 2023,
  publisher = {Springer-Verlag},
  note = {(Current version: \url{http://www.concrete-semantics.org/concrete-semantics.pdf})}
}

@misc {
  Nipkow24-1,
  author = {Tobias Nipkow and Gerwin Klein},
  title = {{Theory HOL-IMP.Com (included in the Isabelle2024 distribution)}},
  note = {\url{https://isabelle.in.tum.de/website-Isabelle2024/dist/library/HOL/HOL-IMP/Com.html}}
}

@misc {
  Nipkow24-2,
  author = {Tobias Nipkow and Gerwin Klein},
  title = {{Theory HOL-IMP.Big\_Step (included in the Isabelle2024 distribution)}},
  note = {\url{https://isabelle.in.tum.de/website-Isabelle2024/dist/library/HOL/HOL-IMP/Big\_Step.html}}
}

@misc {
  Nipkow24-3,
  author = {Tobias Nipkow and Gerwin Klein},
  title = {{Theory HOL-IMP.Small\_Step (included in the Isabelle2024 distribution)}},
  note = {\url{https://isabelle.in.tum.de/website-Isabelle2024/dist/library/HOL/HOL-IMP/Small\_Step.html}}
}

@article {
  Volpano96,
  author = {Dennis Volpano and Geoffrey Smith and Cynthia Irvine},
  title = {{A Sound Type System for Secure Flow Analysis}},
  journal = {Journal of Computer Security},
  month = jan,
  year = 1996
}

@inproceedings {
  Volpano97,
  author = {Dennis Volpano and Geoffrey Smith},
  title = {{Eliminating Covert Flows with Minimum Typings}},
  booktitle = {{Proc. 10th IEEE Computer Security Foundations Workshop}},
  month = jun,
  year = 1997
}

@manual {
  Paulson24,
  author = {Tobias Nipkow and Lawrence C. Paulson and Markus Wenzel},
  title = {{Isabelle/HOL -- A Proof Assistant for Higher-Order Logic}},
  month = may,
  year = 2024,
  note = {\url{https://isabelle.in.tum.de/website-Isabelle2024/dist/Isabelle2024/doc/tutorial.pdf}}
}

@manual {
  Nipkow24-4,
  author = {Tobias Nipkow},
  title = {{Programming and Proving in Isabelle/HOL}},
  month = may,
  year = 2024,
  note = {\url{https://isabelle.in.tum.de/website-Isabelle2024/dist/Isabelle2024/doc/prog-prove.pdf}}
}

@manual {
  Krauss24,
  author = {Alexander Krauss},
  title = {{Defining Recursive Functions in Isabelle/HOL}},
  note = {\url{https://isabelle.in.tum.de/website-Isabelle2024/dist/Isabelle2024/doc/functions.pdf}}
}

@manual {
  Nipkow11,
  author = {Tobias Nipkow},
  title = {{A Tutorial Introduction to Structured Isar Proofs}},
  note = {\url{https://isabelle.in.tum.de/website-Isabelle2011/dist/Isabelle2011/doc/isar-overview.pdf}}
}

@manual {
  Ballarin24,
  author = {Clemens Ballarin},
  title = {{Tutorial to Locales and Locale Interpretation}},
  note = {\url{https://isabelle.in.tum.de/website-Isabelle2024/dist/Isabelle2024/doc/locales.pdf}}
}
