
@inproceedings{relsec-CSF2023,
	author       = {Brijesh Dongol, Matt Griffin, Andrei Popescu and Jamie Wright},
	title        = {Relative Security: Formally Modeling and (Dis)Proving Resilience Against Semantic Optimization Vulnerabilities},
	booktitle    = {37th {IEEE} Computer Security Foundations Symposium, {CSF} 2024},
	note = "To appear"
}






 
