@misc{bindel2019lecture,
  author       = {David Bindel},
  title        = {Lecture Notes},
  year         = {2019},
  howpublished = {\url{https://www.cs.cornell.edu/courses/cs6210/2019fa/lec/2019-11-04.pdf}},
  note         = {CS6210 at Cornell University},
}
