@article{LazrekLT90,
  author       = {Azeddine Lazrek and
                  Pierre Lescanne and
                  Jean{-}Jacques Thiel},
  title        = {Tools for Proving Inductive Equalities, Relative Completeness, and
                  omega-Completeness},
  journal      = {Inf. Comput.},
  volume       = {84},
  number       = {1},
  pages        = {47--70},
  year         = {1990},
  url          = {https://doi.org/10.1016/0890-5401(90)90033-E},
  doi          = {10.1016/0890-5401(90)90033-E},
  timestamp    = {Fri, 12 Feb 2021 22:15:37 +0100},
  biburl       = {https://dblp.org/rec/journals/iandc/LazrekLT90.bib},
  bibsource    = {dblp computer science bibliography, https://dblp.org}
}

@inproceedings{AotoT2016,
  author       = {Takahito Aoto and
                  Yoshihito Toyama},
  editor       = {Delia Kesner and
                  Brigitte Pientka},
  title        = {Ground Confluence Prover based on Rewriting Induction},
  booktitle    = {1st International Conference on Formal Structures for Computation
                  and Deduction, {FSCD} 2016, June 22-26, 2016, Porto, Portugal},
  series       = {LIPIcs},
  volume       = {52},
  pages        = {33:1--33:12},
  publisher    = {Schloss Dagstuhl - Leibniz-Zentrum f{\"{u}}r Informatik},
  year         = {2016},
  url          = {https://doi.org/10.4230/LIPIcs.FSCD.2016.33},
  doi          = {10.4230/LIPICS.FSCD.2016.33},
  timestamp    = {Tue, 11 Feb 2020 15:52:14 +0100},
  biburl       = {https://dblp.org/rec/conf/rta/0001T16.bib},
  bibsource    = {dblp computer science bibliography, https://dblp.org}
}

@article{FORTh,
  author       = {Aart Middeldorp and
                  Alexander Lochmann and
                  Fabian Mitterwallner},
  title        = {First-Order Theory of Rewriting for Linear Variable-Separated Rewrite
                  Systems: Automation, Formalization, Certification},
  journal      = {J. Autom. Reason.},
  volume       = {67},
  number       = {2},
  pages        = {14},
  year         = {2023},
  url          = {https://doi.org/10.1007/s10817-023-09661-7},
  doi          = {10.1007/S10817-023-09661-7},
  timestamp    = {Tue, 12 Sep 2023 07:57:44 +0200},
  biburl       = {https://dblp.org/rec/journals/jar/MiddeldorpLM23.bib},
  bibsource    = {dblp computer science bibliography, https://dblp.org}
}

@inproceedings{FSCD2024,
  author       = {Ren\'e Thiemann and
                  Akihisa Yamada},
  editor       = {Jakob Rehof},
  title        = {A verified algorithm for deciding pattern completeness},
  booktitle    = {9th International Conference on Formal Structures for Computation
                  and Deduction, {FSCD} 2024, July 10-13, 2024, Tallinn, Estonia},
  series       = {LIPIcs},
  publisher    = {Schloss Dagstuhl - Leibniz-Zentrum f{\"{u}}r Informatik},
  year         = {2024},
  note         = {To appear.}
}
