%% This BibTeX bibliography file was created using BibDesk.
%% http://bibdesk.sourceforge.net/




%% Saved with string encoding Unicode (UTF-8) 



@article{DeVos2016OnAG,
  title={On a {Generalization} of the {Cauchy}--{Davenport} {Theorem}},
  author={Matt DeVos},
  journal={Integers},
  year={2016},
  volume={16},
  pages={A7},
  url={https://api.semanticscholar.org/CorpusID:214583485},
}

@article{cauchy1812recherches,
  title={Recherches sur les nombres},
  author={Cauchy, Augustin Louis Baron},
  journal={J. Ã‰cole Polytech.},
  volume ={9},
  year={1813},
  pages={99-116}
}

@article{davenport,
    author = {Davenport, H.},
    title = "{On the Addition of Residue Classes}",
    journal = {Journal of the London Mathematical Society},
    volume = {s1-10},
    number = {1},
    pages = {30-32},
    year = {1935},
    month = {01},
    doi = {10.1112/jlms/s1-10.37.30},
    url = {https://doi.org/10.1112/jlms/s1-10.37.30}
}

@article{Kneser_Cauchy_Davenport-AFP,
  author  = {Mantas Bak\v{s}ys and Angeliki Koutsoukou-Argyraki},
  title   = {Kneser's {Theorem} and the {Cauchy}--{Davenport} {Theorem}},
  journal = {Archive of Formal Proofs},
  month   = {November},
  year    = {2022},
  note    = {\url{https://isa-afp.org/entries/Kneser_Cauchy_Davenport.html},
             Formal proof development},
  ISSN    = {2150-914x},
}