@article{Swan,
  author    = {Richard G. Swan},
  title     = {Van der Waerden's Theorem on Arithmetic Progressions},
  journal   = {Departement of Mathematics, The University of Chicago, Chicago},
  volume    = {IL60637},
}

@misc{dummy}
