@book{cohen2007,
  title={Number Theory: Volume {II}: Analytic and Modern Tools},
  author={Cohen, Henri},
  isbn={9780387498935},
  series={Graduate Texts in Mathematics},
  year={2007},
  publisher={Springer New York}
}