
@article{BirdH87,
  author       = {Richard S. Bird and John Hughes},
  title        = {The alpha-beta Algorithm: An Exercise in Program Transformation},
  journal      = IPL,
  volume       = {24},
  number       = {1},
  pages        = {53--57},
  year         = {1987},
  url          = {https://doi.org/10.1016/0020-0190(87)90198-0},
}

@article{Fishburn80,
  author       = {John P. Fishburn},
  title        = {An optimization of alpha-beta search},
  journal      = {{SIGART} Newsl.},
  volume       = {72},
  pages        = {29--31},
  year         = {1980},
  url          = {https://doi.org/10.1145/1056447.1056450},
}

@article{Hughes89,
    author = {Hughes, J.},
    title = "{Why Functional Programming Matters}",
    journal = {The Computer Journal},
    volume = {32},
    number = {2},
    pages = {98-107},
    year = {1989},
    url = {https://doi.org/10.1093/comjnl/32.2.98},
}

@article{KnuthM75,
  author       = {Donald E. Knuth and
                  Ronald W. Moore},
  title        = {An Analysis of Alpha-Beta Pruning},
  journal      = {Artif. Intell.},
  volume       = {6},
  number       = {4},
  pages        = {293--326},
  year         = {1975},
  url          = {https://doi.org/10.1016/0004-3702(75)90019-3},
}

