@inproceedings{DBLP:conf/tacas/WimmerL18,
  author       = {Simon Wimmer and
                  Peter Lammich},
  title        = {{Verified Model Checking of Timed Automata}},
  booktitle    = {{TACAS} {(1)}},
  series       = {Lecture Notes in Computer Science},
  volume       = {10805},
  pages        = {61--78},
  publisher    = {Springer},
  year         = {2018}
}

@inproceedings{DBLP:conf/formats/BehrmannLR05,
  author       = {Gerd Behrmann and
                  Kim Guldstrand Larsen and
                  Jacob Illum Rasmussen},
  title        = {{Beyond Liveness: Efficient Parameter Synthesis for Time Bounded Liveness}},
  booktitle    = {{FORMATS}},
  series       = {Lecture Notes in Computer Science},
  volume       = {3829},
  pages        = {81--94},
  publisher    = {Springer},
  year         = {2005}
}

@inproceedings{DBLP:conf/ac/BengtssonY03,
  author       = {Johan Bengtsson and
                  Wang Yi},
  title        = {{Timed Automata: Semantics, Algorithms and Tools}},
  booktitle    = {Lectures on Concurrency and Petri Nets},
  series       = {Lecture Notes in Computer Science},
  volume       = {3098},
  pages        = {87--124},
  publisher    = {Springer},
  year         = {2003}
}

@phdthesis{DBLP:phd/dnb/Wimmer20,
  author       = {Simon Wimmer},
  title        = {Trustworthy Verification of Realtime Systems},
  school       = {Technical University of Munich, Germany},
  year         = {2020}
}
