@article{niven1947,
  title="A simple proof that $\pi$ is irrational",
  author="Ivan Niven",
  journal="Bulletin of the American Mathematical Society",
  volume="53",
  number="6",
  pages="509",
  year="1947",
  doi="10.1090/S0002-9904-1947-08821-2"
}