@article{First_Order_Terms-AFP,
  author  = {Christian Sternagel and Ren√© Thiemann},
  title   = {First-Order Terms},
  journal = {Archive of Formal Proofs},
  month   = {February},
  year    = {2018},
  note    = {\url{https://isa-afp.org/entries/First_Order_Terms.html},
             Formal proof development},
  ISSN    = {2150-914x},
}

@inproceedings{FSCD2024,
  author       = {Ren\'e Thiemann and
                  Akihisa Yamada},
  editor       = {Jakob Rehof},
  title        = {A verified algorithm for deciding pattern completeness},
  booktitle    = {9th International Conference on Formal Structures for Computation
                  and Deduction, {FSCD} 2024, July 10-13, 2024, Tallinn, Estonia},
  series       = {LIPIcs},
  publisher    = {Schloss Dagstuhl - Leibniz-Zentrum f{\"{u}}r Informatik},
  year         = {2024},
  note         = {To appear.}
}
