@article{Category3-AFP,
  author  = {Eugene W. Stark},
  title   = {Category Theory with Adjunctions and Limits},
  journal = {Archive of Formal Proofs},
  month   = jun,
  year    = 2016,
  note    = {\url{https://isa-afp.org/entries/Category3.html}, Formal proof development},
  ISSN    = {2150-914x},
}
@article{MonoidalCategory-AFP,
  author  = {Eugene W. Stark},
  title   = {Monoidal Categories},
  journal = {Archive of Formal Proofs},
  month   = may,
  year    = 2017,
  note    = {\url{https://isa-afp.org/entries/MonoidalCategory.html},
            Formal proof development},
  ISSN    = {2150-914x},
}
@article{EnrichedCategoryBasics-AFP,
  author  = {Eugene W. Stark},
  title   = {Enriched Category Basics},
  journal = {Archive of Formal Proofs},
  month   = {June},
  year    = {2024},
  note    = {(submitted for publication)},
  ISSN    = {2150-914x},
}                  
@article{ResiduatedTransitionSystem-AFP,
  author  = {Eugene W. Stark},
  title   = {Residuated Transition Systems},
  journal = {Archive of Formal Proofs},
  month   = {February},
  year    = {2022},
  note    = {\url{https://isa-afp.org/entries/ResiduatedTransitionSystem.html},
            Formal proof development},
  ISSN    = {2150-914x},
}                  
@article{ResiduatedTransitionSystem2-AFP,
  author  = {Eugene W. Stark},
  title   = {Residuated Transition Systems {II}: Categorical Properties},
  journal = {Archive of Formal Proofs},
  month   = {June},
  year    = {2024},
  note    = {Submitted for publication},
  ISSN    = {2150-914x},
}                  
@article{nlab-internal-hom,
  author  = {nLab},
  title   = {internal hom},
  journal = {nLab (various contributors)},
  year    = {2009 -- 2024},
  note    = {\url{https://ncatlab.org/nlab/show/internal+hom},
             [Online; accessed 22-May-2024]},
}                  
@article{kelly-enriched-category,
  author  = {G. M. Kelly},
  title   = {Basic Concepts of Enriched Category Theory},
  journal = {Reprints in Theory and Applications of Categories},
  volume  = {10},
  year    = {2005},
  note    = {\url{http://www.tac.mta.ca/tac/reprints/articles/10/tr10.pdf}},
}                  
