@book{Rudin,
author = {Rudin, Walter},
title = {Real and Complex Analysis, 3rd Ed.},
year = {1987},
isbn = {0070542341},
publisher = {McGraw-Hill, Inc.},
address = {USA}
}

@misc{probmetric,
  title = {Probability measures on metric spaces},
  author = {Onno van Gaans},
  howpublished = {\url{https://www.math.leidenuniv.nl/~vangaans/jancol1.pdf}},
  note = {Accessed: March 2. 2023},
  key = {Probability measures on metric spaces}
}