@article{Wooley_notes_inequality,author={Trevor D. Wooley},
title="An Elementary Discrete Inequality",
publisher="online note",
note={\url{https://www.math.purdue.edu/~twooley/publ/20230410discineq.pdf}}}
