@book{grosswald2012,
  title={Representations of Integers as Sums of Squares},
  author={Grosswald, E.},
  isbn={9781461385660},
  lccn={85004664},
  year={2012},
  publisher={Springer New York}
}