@misc{nets,
author = {Mirah Shi},
title = {Nets and Filters},
year = {2020},
howpublished = {\url{https://www.uvm.edu/~smillere/TProjects/MShi20s.pdf}},
note = {Accessed November 17th 2023}
}

@misc{Heil,
author = {Christopher E. Heil},
title = {Lecture Note on MATH 6338 (Real Analysis II) at {Georgia Institute of Technology}},
year = {2008},
howpublished = {\url{https://heil.math.gatech.edu/6338/summer08/}},
note = {Accessed November 17th 2023}
}

@misc{Onno,
  title = {Probability measures on metric spaces},
  author = {Onno van Gaans},
  howpublished = {\url{https://www.math.leidenuniv.nl/~vangaans/jancol1.pdf}},
  note = {Accessed: March 2. 2023},
  key = {Probability measures on metric spaces}
}

@book{descriptiveset,
  title={Classical Descriptive Set Theory},
  author={Alexander S. Kechris},
  isbn={9780387943749},
  lccn={lc94030471},
  series={Graduate Texts in Mathematics},
  doi = {10.1007/978-1-4612-4190-4},
  year={1995},
  publisher={Springer New York}
}