
@article{ltl3tosem,
author = {Bauer, Andreas and Leucker, Martin and Schallhart, Christian},
title = {Runtime Verification for LTL and TLTL},
year = {2011},
publisher = {ACM},
NOaddress = {New York, NY, USA},
volume = {20},
number = {4},
issn = {1049-331X},
doi = {10.1145/2000799.2000800},
journal = {ACM Transactions on Software Engineering Methodology},
month = {sep},
articleno = {14},
numpages = {64},
}

@inbook{progress1,
author = {Bacchus, Fahiem and Kabanza, Froduald},
title = {Using Temporal Logic to Control Search in a Forward Chaining Planner},
year = {1996},
isbn = {9051992378},
publisher = {IOS Press},
booktitle = {New Directions in AI Planning},
pages = {141â€“153},
}


@inproceedings{progress2,
  author    = {Froduald Kabanza and
               Sylvie Thi{\'{e}}baux},
  title     = {Search Control in Planning for Temporally Extended Goals},
  booktitle = {International Conference on Automated
               Planning and Scheduling},
  pages     = {130--139},
  publisher = {{AAAI}},
  year = {2005},
  NOaddress = {Monterey, California, USA},
}

@inproceedings{expresssos,
  author = {Rayhana Amjad and Rob van Glabbeek and Liam O'Connor},
  title = {Semantics for Linear-time Temporal Logic with Finite Observations},
  booktitle = {Proceedings of the Combined 31st International Workshop on Expressiveness
                  in Concurrency and 21st Workshop on Structural Operational Semantics,
                  {EXPRESS/SOS} 2024},
  year = {2024},
  series       = {{EPTCS}},
  note = {To appear} }
