@inproceedings{rabin1976,
  author={Michael O. Rabin},
  title={Probabilistic Algorithms},
  booktitle={Algorithms and Complexity: New Directions and Recent Results},
  pages = {21--39},
  isbn = {012697540X},
  publisher = {Academic Press, Inc.},
  address = {USA},
  year={1976},
}

@article{fortune1979,
  title = {A note on Rabin's nearest-neighbor algorithm},
  journal = {Information Processing Letters},
  volume = {8},
  number = {1},
  pages = {20-23},
  year = {1979},
  issn = {0020-0190},
  doi = {10.1016/0020-0190(79)90085-1},
  author = {Steve Fortune and John Hopcroft},
  keywords = {Probabilistic algorithms, nearest neighbor, hashing}
}

@article{khuller1995,
  title = {A Simple Randomized Sieve Algorithm for the Closest-Pair Problem},
  journal = {Information and Computation},
  volume = {118},
  number = {1},
  pages = {34-37},
  year = {1995},
  issn = {0890-5401},
  doi = {https://doi.org/10.1006/inco.1995.1049},
  url = {https://www.sciencedirect.com/science/article/pii/S0890540185710498},
  author = {S. Khuller and Y. Matias},
}

@article{dietzfelbinger1997,
  title = {A Reliable Randomized Algorithm for the Closest-Pair Problem},
  journal = {Journal of Algorithms},
  volume = {25},
  number = {1},
  pages = {19-51},
  year = {1997},
  issn = {0196-6774},
  doi = {https://doi.org/10.1006/jagm.1997.0873},
  url = {https://www.sciencedirect.com/science/article/pii/S0196677497908737},
  author = {Martin Dietzfelbinger and Torben Hagerup and Jyrki Katajainen and Martti Penttonen},
}

@inproceedings{banyassady2007simple,
  title={A simple analysis of Rabinâ€™s algorithm for finding closest pairs},
  author={Banyassady, Bahareh and Mulzer, Wolfgang},
  booktitle={European Workshop on Computational Geometry (EuroCG)},
  year={2007}
}

@misc{lipton2009,
  title = {Rabin Flips a Coin},
  author = {Richard Lipton},
  howpublished = {\url{https://rjlipton.com/2009/03/01/rabin-flips-a-coin/}},
  year = {2009},
  note = {Accessed: 2024-08-31}
}

@article{Closest_Pair_Points-AFP,
  author  = {Martin Rau and Tobias Nipkow},
  title   = {Closest Pair of Points Algorithms},
  journal = {Archive of Formal Proofs},
  month   = {January},
  year    = {2020},
  note    = {\url{https://isa-afp.org/entries/Closest_Pair_Points.html},
             Formal proof development},
  ISSN    = {2150-914x},
}

@InProceedings{rau2020,
  author="Rau, Martin
  and Nipkow, Tobias",
  editor="Peltier, Nicolas
  and Sofronie-Stokkermans, Viorica",
  title="Verification of Closest Pair of Points Algorithms",
  booktitle="Automated Reasoning",
  year="2020",
  publisher="Springer International Publishing",
  address="Cham",
  pages="341--357",
  isbn="978-3-030-51054-1"
}

