
@inproceedings{relsec-CSF2023,
	author       = {Brijesh Dongol, Matt Griffin, Andrei Popescu and Jamie Wright},
	title        = {Relative Security: Formally Modeling and (Dis)Proving Resilience Against Semantic Optimization Vulnerabilities},
	booktitle    = {37th {IEEE} Computer Security Foundations Symposium, {CSF} 2024},
	note = "To appear"
}

@inproceedings{BDsecurity-ITP2021,
	author    = {Andrei Popescu and
	Thomas Bauereiss and
	Peter Lammich},
	editor    = {Liron Cohen and
	Cezary Kaliszyk},
	title     = {{Bounded-Deducibility} Security (Invited Paper)},
	booktitle = {12th International Conference on Interactive Theorem Proving, {ITP}
	2021, June 29 to July 1, 2021, Rome, Italy (Virtual Conference)},
	series    = {LIPIcs},
	volume    = {193},
	pages     = {3:1--3:20},
	publisher = {Schloss Dagstuhl - Leibniz-Zentrum f{\"{u}}r Informatik},
	year      = {2021},
	url       = {https://doi.org/10.4230/LIPIcs.ITP.2021.3},
	doi       = {10.4230/LIPIcs.ITP.2021.3},
	timestamp = {Mon, 21 Jun 2021 16:26:35 +0200},
	biburl    = {https://dblp.org/rec/conf/itp/0001BL21.bib},
	bibsource = {dblp computer science bibliography, https://dblp.org}
}






 
