@book{topological_groups,
   title =     {Topological Groups and Related Structures},
   author =    {Alexander Arhangel’skii and Mikhail Tkachenko},
   publisher = {Atlantis Press},
   isbn =      {9789491216350},
   year =      {2008},
   series =    {Atlantis Studies in Mathematics    №1}
}
@book{lie_groups,
   title =     {Lie Groups},
   author =    {Daniel Bump},
   publisher = {Springer},
   isbn =      {9781461480242},
   year =      {2013},
   series =    {Graduate Texts in Mathematics    №225},
   edition =   {2}
}
@book{topological_and_uniform_spaces,
   title =     {Topological and uniform spaces},
   author =    {I.M. James},
   publisher = {Springer},
   isbn =      {9780387964669},
   year =      {1987},
   series =    {Undergraduate texts in mathematics},
   edition =   {1}
}
@MISC{prem,
   author =       {Johannes Prem},
   title =        {Topologische Gruppen und Haar’sches Mass},
   howpublished =       {Universität Regensburg},
   month =        {4},
   year =         {2013},
   eprint = {https://homepages.uni-regensburg.de/~prj05723/talk_topogrp_and_haar_measure/TopoGruppen-und-Haarmass.pdf},
   note = {Accessed on 2024-07-22},
}
@MISC {stackexchange_quot_groups,
    TITLE = {Why is the quotient group a topological group?},
    AUTHOR = {Randall (https://math.stackexchange.com/users/464495/randall)},
    HOWPUBLISHED = {Mathematics Stack Exchange},
    EPRINT = {https://math.stackexchange.com/q/2424681},
    URL = {https://math.stackexchange.com/q/2424681},
    NOTE = {Accessed on 2024-07-23}
}
