@techreport{zimmermann99,
  TITLE = {{Karatsuba Square Root}},
  AUTHOR = {Zimmermann, Paul},
  URL = {https://inria.hal.science/inria-00072854},
  TYPE = {Research Report},
  NUMBER = {RR-3805},
  INSTITUTION = {{INRIA}},
  YEAR = {1999}
}

@article{bertot02,
  title={A Proof of {GMP} Square Root},
  author={Bertot, Yves and Magaud, Nicolas and Zimmermann, Paul},
  year={2002},
  url={http://dx.doi.org/10.1023/A:1021987403425},
  DOI={10.1023/a:1021987403425},
  journal={Journal of Automated Reasoning},
  volume={29},
  number={3},
  pages={225â€“-252},
  publisher={Springer}
}