@inproceedings{sss86,
  author       = {Sandeep Sen and
                  Isaac D. Scherson and
                  Adi Shamir},
  title        = {Shear Sort: {A} True Two-Dimensional Sorting Techniques for {VLSI} Networks},
  booktitle    = {International Conference on Parallel Processing, ICPP'86, University
                  Park, PA, USA, August 1986},
  pages        = {903--908},
  publisher    = {{IEEE} Computer Society Press},
  year         = {1986},
  timestamp    = {Mon, 28 Jul 2014 17:06:02 +0200},
  biburl       = {https://dblp.org/rec/conf/icpp/SenSS86.bib},
  bibsource    = {dblp computer science bibliography, https://dblp.org}
}