@article{types-to-sets,
  title = {From Types to Sets by Local Type Definition in Higher-Order Logic},
  volume = {62},
  ISSN = {1573-0670},
  url = {http://dx.doi.org/10.1007/s10817-018-9464-6},
  DOI = {10.1007/s10817-018-9464-6},
  number = {2},
  journal = {Journal of Automated Reasoning},
  publisher = {Springer Science and Business Media LLC},
  author = {Kunčar,  Ondřej and Popescu,  Andrei},
  year = {2018},
  month = jun,
  pages = {237–260}
}