@inproceedings{DBLP:conf/sefm/BorgstromHJRVPP11,
  author       = {Johannes Borgstr{\"{o}}m and
                  Shuqin Huang and
                  Magnus Johansson and
                  Palle Raabjerg and
                  Bj{\"{o}}rn Victor and
                  Johannes {\AA}man Pohjola and
                  Joachim Parrow},
  editor       = {Gilles Barthe and
                  Alberto Pardo and
                  Gerardo Schneider},
  title        = {Broadcast {Psi}-calculi with an Application to Wireless Protocols},
  booktitle    = {Software Engineering and Formal Methods - 9th International Conference,
                  {SEFM} 2011, Montevideo, Uruguay, November 14-18, 2011. Proceedings},
  series       = {Lecture Notes in Computer Science},
  volume       = {7041},
  pages        = {74--89},
  publisher    = {Springer},
  year         = {2011},
  url          = {https://doi.org/10.1007/978-3-642-24690-6\_7},
  doi          = {10.1007/978-3-642-24690-6\_7},
  biburl       = {https://dblp.org/rec/conf/sefm/BorgstromHJRVPP11.bib},
  bibsource    = {dblp computer science bibliography, https://dblp.org}
}

@article{DBLP:journals/sosym/BorgstromHJRVPP15,
  author       = {Johannes Borgstr{\"{o}}m and
                  Shuqin Huang and
                  Magnus Johansson and
                  Palle Raabjerg and
                  Bj{\"{o}}rn Victor and
                  Johannes {\AA}man Pohjola and
                  Joachim Parrow},
  title        = {Broadcast psi-calculi with an application to wireless protocols},
  journal      = {Softw. Syst. Model.},
  volume       = {14},
  number       = {1},
  pages        = {201--216},
  year         = {2015},
  url          = {https://doi.org/10.1007/s10270-013-0375-z},
  doi          = {10.1007/s10270-013-0375-z},
  biburl       = {https://dblp.org/rec/journals/sosym/BorgstromHJRVPP15.bib},
  bibsource    = {dblp computer science bibliography, https://dblp.org}
}

@article{DBLP:journals/corr/abs-1101-3262,
  author       = {Jesper Bengtson and
                  Magnus Johansson and
                  Joachim Parrow and
                  Bj{\"{o}}rn Victor},
  title        = {{Psi}-calculi: a framework for mobile processes with nominal data and
                  logic},
  journal      = {Log. Methods Comput. Sci.},
  volume       = {7},
  number       = {1},
  year         = {2011},
  url          = {https://doi.org/10.2168/LMCS-7(1:11)2011},
  doi          = {10.2168/LMCS-7(1:11)2011},
  biburl       = {https://dblp.org/rec/journals/corr/abs-1101-3262.bib},
  bibsource    = {dblp computer science bibliography, https://dblp.org}
}

@article{DBLP:journals/jar/BengtsonPW16,
  author       = {Jesper Bengtson and
                  Joachim Parrow and
                  Tjark Weber},
  title        = {{Psi}-Calculi in {Isabelle}},
  journal      = {J. Autom. Reason.},
  volume       = {56},
  number       = {1},
  pages        = {1--47},
  year         = {2016},
  url          = {https://doi.org/10.1007/s10817-015-9336-2},
  doi          = {10.1007/s10817-015-9336-2},
  biburl       = {https://dblp.org/rec/journals/jar/BengtsonPW16.bib},
  bibsource    = {dblp computer science bibliography, https://dblp.org}
}

@article{DBLP:journals/afp/Bengtson12,
  author       = {Jesper Bengtson},
  title        = {{Psi}-calculi in {Isabelle}},
  journal      = {Arch. Formal Proofs},
  year         = {2012},
  note         = {\url{https://www.isa-afp.org/entries/Psi_Calculi.html}, Formal proof development},
  url          = {https://www.isa-afp.org/entries/Psi\_Calculi.shtml},
  biburl       = {https://dblp.org/rec/journals/afp/Bengtson12.bib},
  bibsource    = {dblp computer science bibliography, https://dblp.org}
}
