@inproceedings{
  Heunen_2017,
  author = {Heunen, Chris and Kammar, Ohad and Staton, Sam and Yang, Hongseok},
  title = {A Convenient Category for Higher-Order Probability Theory},
  year = {2017},
  isbn = {9781509030187},
  publisher = {IEEE Press},
  booktitle = {Proceedings of the 32nd Annual ACM/IEEE Symposium on Logic in Computer Science},
  articleno = {77},
  numpages = {12},
  location = {Reykjav\'{\i}k, Iceland},
  series = {LICS '17}
}